@article{article,
author={},
title={},
journal={},
volume={},
number={},
pages={},
month={},
year={},
}

@BOOK{book,
author={},
title={},
publisher={},
year={},
month={},
yomi={},
edition={},
}

@misc{url,
title={},
howpublished="\url{}",
year={},
month={},
}

@misc{seihu,
title={政府広報オンライン：あなたも危険な場所にお住まいかもしれません!土砂災害から身を守る3つのポイント},
howpublished="\url{https://www.gov-online.go.jp/useful/article/201106/2.html}",
year={2020},
month={5},
}

@misc{kongo,
title={国土交通省水管理・国土保全局砂防部：今後の土砂災害対策の方向性},
howpublished="\url{http://www.mlit.go.jp/river/sabo/kongo_dosyasaigai/1107houkousei.pdf}",
year={2020},
month={3},
}

@misc{katuyou,
title={国土交通省水管理・国土保全局砂防部：土砂災害警戒避難に関わる前兆現象情報の活用のあり方について},
howpublished="\url{http://www.mlit.go.jp/common/001021004.pdf}",
year={2006},
month={3},
}

@book{hirata2020,
author={平田崇一郎},
title={土砂災害の前兆現象検知を目的とした水位変動の深層学習を用いた推定の相関係数による評価},
publisher={広島市立大学情報科学部},
edition={令和元年度卒業論文},
month={2},
year={2020},
}

@book{kashiwa2019,
author={柏迫万哉},
title={土砂災害の前兆現象検知のための深層学習を用いた画像判別のソフトマックス関数による水位変化の推定},
publisher={広島市立大学情報科学部},
edition={平成30年度卒業論文},
month={2},
year=2019},
}

@BOOK{Deep,
author={岡谷貴之},
title={深層学習 = Deep learning},
publisher={講談社},
year={2015},
month={4},
}

@BOOK{toukei,
author={森棟公夫},
title={統計学入門 第2版 第1章 1.5節　発展したデータの代表値},
publisher={新世社},
year={2000},
month={9},
}

@BOOK{ejji,
author={森俊二 and 坂倉栂子},
title={画像認識の基礎[II]　特徴抽出,エッジ検出,テクスチャー解析},
publisher={オーム社},
year={1990},
month={4},
}

@misc{kisyou,
title={気象庁：土砂災害警戒情報・大雨警報（土砂災害）の危険度分布},
howpublished="\url{http://www.jma.go.jp/jma/kishou/know/bosai/doshakeikai.html}",
}

@misc{jisseki,
title={気象庁：土砂災害警戒情報の運用成績},
howpublished="\url{http://www.jma.go.jp/jma/kishou/know/dosya/24part1/24-1-shiryo3.pdf}",
year={2012},
month={7},
}

@misc{hinan,
title={国土交通省河川局砂防部：土砂災害警戒避難に関わる前兆現象情報検討会（説明資料）},
howpublished="\url{http://www.mlit.go.jp/common/001021016.pdf}",
year={2006},
month={2},
}

@BOOK{soukan,
author={石村貞夫},
title={入門はじめての統計解析},
publisher={東京図書},
year={2006},
month={11},
}

@article{deBruijn1972,
author={N. G. de Bruijn},
title={Lambda calculus notation with nameless dummies: a tool for automatic formula manipulation, with application to the Church-Rosser theorem},
journal={Indagationes Mathematicae (Elsevier)},
volume={34},
number={5},
pages={381--392},
month={},
year={1972},
}

@article{Hewitt1974,
author={Carl Hewitt and Peter Bishop and Irene Greif and Brian Smith and Todd Matson and Richard Steiger},
title={Actor Induction and Meta-evaluation},
journal={Conference Record of ACM Symposium on Principles of Programming Languages},
year={1974},
month={Jan.},
pages={153--168},
number={},
volume={},
}

@article{Plotkin1975,
author={Gordon D. Plotkin},
title={Call-by-name, call-by-value and the lambda-calculus},
journal={Theoretical Computer Science},
year={1975},
pages={125-159},
volume={1},
}

@article{Wirth1977,
author={Niklaus Wirth},
title={What can we do about the unnecessary diversity of notation for syntactic definitions?},
journal={Comm ACM, Vol 20, No 11},
year={1977},
month={11},
pages={822--823},
}

@article{Steele1978,
author={Guy Lewis Steele},
title={RABBIT: A compiler for SCHEME},
journal={Technical Report 474, MIT Artificial Intelligence Laboratory},
year={1978},
month={5},
pages={1--272},
}

@article{Haynes1984,
author={C.T. Haynes and D.P. Friedman and M. Wand},
title={Continuations and coroutines},
journal={In Proceedings of the 1984 ACM Symposium on LISP and Functional Programming},
year={1984},
month={8},
pages={293-298},
}

@techreport{Agha1985,
author={Gul A. Agha},
title={Actors: a model of concurrent computation in distributed systems},
institution={MIT Artificial Intelligence Laboratory},
year={1985},
type={Technical report},
number=844,
month=6,
}

@BOOK{Hoare1985,
author={C. A. R. Hoare},
title={Communicating Sequential Processes},
publisher={Prentice Hall International},
year={1985},
}

@BOOK{Agha1986,
author={Gul A. Agha},
title={Actors: a model of concurrent computation in distributed systems},
publisher={Cambridge, Mass. : MIT Press},
year={1986},
month={},
yomi={},
edition={},
}

@article{Hughes1989,
author={John Hughes},
title={Why functional programming matters},
journal={The Computer Journal - Special issue on Lazy functional programming archive},
year={1989},
month={4},
pages={98--107},
volume={32},
number={2},
}

@article{Danvy1992,
author={Olivier Danvy and Andrzej Filinski},
title={Representing control: a study of the \mbox{CPS} transformation},
journal={Mathematical Structures in Computer Science},
year={1992},
month={12},
pages={361--391},
volume={2},
number={4},
}

@article{Sabry1992,
author={Amr Sabry and Matthias Felleisen},
title={Reasoning about programs in continuation-passing style},
journal={LISP and Symbolic Computation},
volume={6},
pages={289--360},
year={1993},
month={11},
}
% https://link.springer.com/article/10.1007/BF01019462
% journal={Technical Report (Rice TR 92-180), Rice University},

@misc{Akka,
author={Lightbend},
title={What problems does the actor model solve?},
howpublished={https://doc.akka.io/docs/akka/2.5.3/scala/guide/actors-intro.html}
}

@BOOK{Sprent1993,
title={Applied Nonparametric Statistical Methods},
publisher={Chapman \& Hall},
year={1993},
author={Peter Sprent},
}

@article{Fischer1993,
author={Michael J. Fischer},
title={Lambda-calculus schemata},
journal={LISP and Symbolic Computation},
volume={6},
pages={259--287},
year={1993},
month={11},
}

@article{Reynolds1993,
author={John C. Reynolds},
title={The discoveries of continuations},
journal={Lisp and Symbolic Computation},
year={1993},
month={11},
pages={233--247},
volume={6},
}

@book{Ono1994,
author={小野寛晰},
title={情報科学における論理},
publisher={日本評論社},
year={1994},
yomi={Hiroakira, Ono},
edition={},
}

% organization={ISO (the International Organization for Standardization) and IEC (the International Electrotechnical Commission)},
@techreport{ISO-EBNF,
author={ISO and IEC},
title={Information technology -- Syntactic metalanguage -- Extended {BNF}},
institution={International Organization for Standardization},
type={ISO/IEC},
number={14977},
year={1996},
month={12},
}

@BOOK{Martin1996,
author={James Martin and James J. Odell},
title={Object-oriented Methods: Pragmatic Considerations},
publisher={Prentice Hall},
year={1996},
}

@BOOK{OOTaskforce1997,
title={オブジェクト指向方法序説：実践編},
publisher={トッパン},
year={1997},
month={Apr.},
author={三菱CC研究会OOタスクフォース},
yomi={みつびしCCけんきゅうかいOOタスクフォース},
edition={原書\cite{Martin96}},
}
% ，ジェームズマーチン・アンド・カンパニー・ジャパン訳},

@article{Sussman1998,
author={Gerald Jay Sussman and Guy L. Steele Jr.},
title={Scheme: A Interpreter for Extended Lambda Calculus},
journal={Higher-Order and Symbolic Computation},
year={1998},
month={11},
pages={405--439},
}
% year={1975}

@article{Pastry2001,
author={Antony Rowstron and Peter Druschel},
title={Pastry: Scalable, decentralized object location and routing for large-scale peer-to-peer systems},
journal={In Proc. of the 18th IFIP/ACM International Conference on Distributed Systems Platforms (Middleware 2001), Heidelberg, Germany},
year={2001},
month={Nov.},
pages={329--350},
}

@BOOK{Pierce2002,
author={Benjamin C. Pierce},
title={Types and Programming Languages},
publisher={The MIT Press},
year={2002},
month={1},
yomi={},
edition={},
}

@article{Kademlia2002,
author={P. Maymounkov and D. Mazires},
title={Kademlia: A peer-to-peer information system based on the xor metric},
journal={in Peer-to-Peer Systems: First InternationalWorkshop, IPTPS 2002 Cambridge, MA, USA},
year={2002},
month={Mar.},
pages={53--65},
}

@BOOK{Salsburg2002,
title={The lady tasting tea: how statistics revolutionized science in the twentieth century},
publisher={Owl Books},
year={2002},
month={May},
author={David Salsburg},
}

@article{Sumii2004,
author={住井英二郎 and 大根田裕一 and 米澤明憲},
title={例外処理機構を備えた命令型言語の\mbox{CPS}変換とその定式化},
journal={情報処理学会第48回プログラミング研究会},
pages={67--82},
year={2004},
month={3},
}

@techreport{Goldberg2005,
author={Mayer Goldberg},
title={On the Recursive Enumerability of Fixed-Point Combinators},
institution={University of Aarhus},
year={2005},
type={BRICS Report},
number={RS-05-1},
}

@BOOK{Takeuchi2006,
title={統計学を拓いた異才たち：経験則から科学へ進展した一世紀},
publisher={日本経済新聞社},
year={2006},
month={Mar.},
author={竹内 惠行 and 熊谷 悦生},
yomi={たけうち},
edition={原書\cite{Salsburg02}},
}

@BOOK{Nagao2009,
author={長尾高弘 and 羽生田栄一},
yomi={nagao},
title={Scala スケーラブルプログラミング [コンセプト \& コーディング]},
publisher={インプレスジャパン},
year={2009},
month={9},
edition={1},
note={"Programming in Scala: A Comprehensive Step-by-step Guide"の邦訳},
}

@misc{Hewitt2010,
author={Carl Hewitt},
title={Actor model of computation: scalable robust information systems},
howpublished={arXiv:1008.1459},
month=8,
year=2010,
}

@article{Hewitt2011,
author={Carl Hewitt},
title={Actor model of computation: scalable robust information systems},
journal={Inconsistency Robustness 2011, Stanford University},
year={2011},
month={Aug.},
}

@article{Hirota2013,
author={廣田 知子 and 浅井 健一},
yomi={hirota},
title={限定継続命令 shift/reset 付き型主導部分評価器の抽出},
journal={情報処理学会論文誌 プログラミング},
volume={6},
number={4},
pages={50--64},
month={12},
year={2013},
}

@article{Shima201603,
author={島 和之},
title={継続渡しスタイルのラムダ計算のための簡潔な記法の提案},
journal={電子情報通信学会総合大会システム講演論文集１},
volume={D-3-2},
pages={16},
month={3},
year={2016},
}

@article{Shima201609,
author={島 和之},
title={継続渡しスタイルのラムダ計算のための簡潔な記法に基づくプログラミング言語の提案},
journal={第15回情報科学技術フォーラム (FIT2016)},
pages={B-021},
month={9},
year={2016},
}

@article{Shima201612,
author={島 和之},
title={継続渡しスタイルのラムダ計算に基づく破壊的風静的単一代入形式の関数型プログラミング言語},
journal={第23回ソフトウェア工学の基礎ワークショップ (FOSE2016)},
pages={127--132},
month={12},
year={2016},
}

@article{Kojima201709,
author={小島 渚 and 島 和之},
title={継続渡しスタイルの関数型プログラミング言語におけるアクターモデルに基づく並行処理の実装},
journal={第16回情報科学技術フォーラム (FIT2017)},
pages={CB-002},
month={9},
year={2017},
}

@BOOK{PaulGraham200703,
author={Paul Graham},
title={On Lisp},
publisher={オーム社},
year={2007},
month={3},
}

@BOOK{HaroldAbelson1996,
author={Harold Abelson and Gerald Jay Sussman and Julie Sussman},
title={Structure and Interpretation of Computer Programs},
publisher={Mit Press},
year={1996},
edition={2},
month={},
yomi={},
}

@article{Nagai2005,
author={永井 保夫},
title={制約充足問題への近似解法の適用検討 —N-クイーン問題を中心として—},
journal={東京情報大学研究論集},
volume={8},
number={2},
pages={59--66},
year={2005},
}

@misc{Moufu,
author={もうふ@WeAreFloating},
title={四天王問題},
howpublished={\\ https://twitter.com/WeAreFloating/status/22896320134}
}

@article{Prolog1984,
author={中村 克彦},
title={Prolog 処理系},
journal={情報処理学会},
volume={25},
number={12},
pages={1},
year={1984},
}

@article{nesuto2014,
author={福島 悠史 and 芝田 健男 and 谷道 太雪 and 金子 彰一},
title={加速が不要なタイミングでアイドルストップを行う装置のソフトウェアの改善にともなう，移植性，可読性の高いソフトウェア構造の実現},
journal={情報処理学会},
volume={2014-ITS-58},
number={3},
pages={2},
year={2014},
month={9},
}

@article{kijyutusei2002,
author={岡田 健},
title={日本語プログラム言語「言霊」},
journal={慶應義塾大学},
pages={8--9},
year={2002},
}

@article{takayanagi2012,
author={高柳 亘 and 徐 駿剣 and 脇田 建},
title={Actor モデルにもとづいた非同期並列プログラミング言語 ActGPU のコンパイラの実装とその評価},
journal={情報処理学会研究報告},
volume={Vol.2012-ARC-202},
number={9},
pages={2},
year={2012},
month={12},
}

@misc{fukuzatudo,
author={Rogue Wave SOFTWARE},
title={McCabe 循環的複雑度},
howpublished={\\ https://docs.roguewave.com/jp/klocwork/2019/mccabecyclomaticcomplexity}
}

@misc{nkoukankei,
author={奥村　博造},
journal={長野大学},
title={第14回情報数学},
howpublished={\\ http://sun.ac.jp/prof/hnagano/houkoku/h23informationmath-14.html}
}

@misc{seiyakunetwork,
author={栗原　正仁},
journal={北海道大学},
title={認知システム論},
howpublished={\\ https://ocw.hokudai.ac.jp/wp-content/uploads/2016/01/IntelligentInformationProcessing-2005-Note-07.pdf}
}

@article{kojima2018,
author={小島 渚},
title={継続渡しスタイルの関数型プログラミング言語における並行処理の設計と実装},
journal={広島市立大学},
pages={17},
year={2018},
month={2},
}

@BOOK{fujiwara2015,
author={藤原　暁宏},
title={はじめて学ぶオートマトンと言語理論},
publisher={森北出版株式会社},
year={2015},
month={7},
}

@article{ouyou1997,
author={西原　清一},
title={制約充足問題の基礎と展望},
journal={人工知能学会誌},
volume={12},
number={3},
pages={351--358},
year={2018},
month={2},
}

@misc{tyu-ringumasin,
author={荒井　聡},
journal={マイナビニュース},
title={量子コンピュータより高速な"非決定性万能チューリングマシン"は可能-英大},
howpublished={\\ https://news.mynavi.jp/article/20170308-a142/}
}

@BOOK{scheme1991,
author={湯浅　太一},
title={Scheme入門},
publisher={株式会社岩波書店},
year={1991},
month={10},
}

