@article{article,
author={},
title={},
journal={},
volume={},
number={},
pages={},
month={},
year={},
}

@BOOK{book,
author={},
title={},
publisher={},
year={},
month={},
yomi={},
edition={},
}

@article{Matsumoto2019,
author={松本晴香 and 浅井健一},
title={BlocklyをベースにしたOCamlビジュアルプログラミングエディタ},
journal={PPL2019},
volume={},
number={},
pages={1--15},
month={3},
year={2019},
}

@BOOK{Dave2018,
author={Kruti Dave},
title={Comparison of Flow-based versus Block-based Programming for Naive Programmers},
publisher={Ryerson University, Canada},
year={2018},
month={},
yomi={},
edition={},
}

@BOOK{Hoare1985,
author={C. A. R. Hoare},
title={Communicating Sequential Processes},
publisher={Prentice Hall International},
year={1985},
}

@BOOK{Nagao2009,
author={長尾高弘 and 羽生田栄一},
yomi={nagao},
title={Scala スケーラブルプログラミング [コンセプト \& コーディング]},
publisher={インプレスジャパン},
year={2009},
month={9},
edition={1},
note={"Programming in Scala: A Comprehensive Step-by-step Guide"の邦訳},
}

@article{deBruijn1972,
author={N. G. de Bruijn},
title={Lambda calculus notation with nameless dummies: a tool for automatic formula manipulation, with application to the Church-Rosser theorem},
journal={Indagationes Mathematicae (Elsevier)},
volume={34},
number={5},
pages={381--392},
month={},
year={1972},
}

@article{Hirota2013,
author={廣田 知子 and 浅井 健一},
yomi={hirota},
title={限定継続命令 shift/reset 付き型主導部分評価器の抽出},
journal={情報処理学会論文誌 プログラミング},
volume={6},
number={4},
pages={50--64},
month={12},
year={2013},
}

@article{Plotkin1975,
author={Gordon D. Plotkin},
title={Call-by-name, call-by-value and the lambda-calculus},
journal={Theoretical Computer Science},
year={1975},
pages={125-159},
volume={1},
}

@article{Shima201603,
author={島 和之},
title={継続渡しスタイルのラムダ計算のための簡潔な記法の提案},
journal={電子情報通信学会総合大会システム講演論文集１},
volume={D-3-2},
pages={16},
month={3},
year={2016},
}

@article{Shima201609,
author={島 和之},
title={継続渡しスタイルのラムダ計算のための簡潔な記法に基づくプログラミング言語の提案},
journal={第15回情報科学技術フォーラム (FIT2016)},
pages={B-021},
month={9},
year={2016},
}

@article{Shima201612,
author={島 和之},
title={継続渡しスタイルのラムダ計算に基づく破壊的風静的単一代入形式の関数型プログラミング言語},
journal={第23回ソフトウェア工学の基礎ワークショップ (FOSE2016)},
pages={127--132},
month={12},
year={2016},
}

@article{Hewitt1974,
author={Carl Hewitt and Peter Bishop and Irene Greif and Brian Smith and Todd Matson and Richard Steiger},
title={Actor Induction and Meta-evaluation},
journal={Conference Record of ACM Symposium on Principles of Programming Languages},
year={1974},
month={Jan.},
pages={153--168},
number={},
volume={},
}

@BOOK{Sprent93,
title={Applied Nonparametric Statistical Methods},
publisher={Chapman \& Hall},
year={1993},
author={Peter Sprent},
}

@BOOK{Takeuchi06,
title={統計学を拓いた異才たち：経験則から科学へ進展した一世紀},
publisher={日本経済新聞社},
year={2006},
month={Mar.},
author={竹内 惠行 and 熊谷 悦生},
yomi={たけうち},
edition={原書\cite{Salsburg02}},
}

@BOOK{Salsburg02,
title={The lady tasting tea: how statistics revolutionized science in the twentieth century},
publisher={Owl Books},
year={2002},
month={May},
author={David Salsburg},
}

% ，ジェームズマーチン・アンド・カンパニー・ジャパン訳},

@BOOK{OOTaskforce97,
title={オブジェクト指向方法序説：実践編},
publisher={トッパン},
year={1997},
month={Apr.},
author={三菱CC研究会OOタスクフォース},
yomi={みつびしCCけんきゅうかいOOタスクフォース},
edition={原書\cite{Martin96}},
}

@BOOK{Martin96,
author={James Martin and James J. Odell},
title={Object-oriented Methods: Pragmatic Considerations},
publisher={Prentice Hall},
year={1996},
}

@misc{Hewitt2010,
author={Carl Hewitt},
title={Actor model of computation: scalable robust information systems},
howpublished={arXiv:1008.1459},
month=8,
year=2010,
}

@article{Hewitt2011,
author={Carl Hewitt},
title={Actor model of computation: scalable robust information systems},
journal={Inconsistency Robustness 2011, Stanford University},
year={2011},
month={Aug.},
}

@article{Kademlia2002,
author={P. Maymounkov and D. Mazires},
title={Kademlia: A peer-to-peer information system based on the xor metric},
journal={in Peer-to-Peer Systems: First InternationalWorkshop, IPTPS 2002 Cambridge, MA, USA},
year={2002},
month={Mar.},
pages={53--65},
}

@article{Pastry2001,
author={Antony Rowstron and Peter Druschel},
title={Pastry: Scalable, decentralized object location and routing for large-scale peer-to-peer systems},
journal={In Proc. of the 18th IFIP/ACM International Conference on Distributed Systems Platforms (Middleware 2001), Heidelberg, Germany},
year={2001},
month={Nov.},
pages={329--350},
}

@book{Ono1994,
author={小野寛晰},
title={情報科学における論理},
publisher={日本評論社},
year={1994},
yomi={Hiroakira, Ono},
edition={},
}

@BOOK{Pierce2002,
author={Benjamin C. Pierce},
title={Types and Programming Languages},
publisher={The MIT Press},
year={2002},
month={},
yomi={},
edition={},
}

@techreport{Agha1985,
author={Gul A. Agha},
title={Actors: a model of concurrent computation in distributed systems},
institution={MIT Artificial Intelligence Laboratory},
year={1985},
type={Technical report},
number=844,
month=6,
}

@techreport{Goldberg2005,
author={Mayer Goldberg},
title={On the Recursive Enumerability of Fixed-Point Combinators},
institution={University of Aarhus},
year={2005},
type={BRICS Report},
number={RS-05-1},
}

@BOOK{Agha1986,
author={Gul A. Agha},
title={Actors: a model of concurrent computation in distributed systems},
publisher={Cambridge, Mass. : MIT Press},
year={1986},
month={},
yomi={},
edition={},
}

% organization={ISO (the International Organization for Standardization) and IEC (the International Electrotechnical Commission)},
@techreport{ISO-EBNF,
author={ISO and IEC},
title={Information technology -- Syntactic metalanguage -- Extended {BNF}},
institution={International Organization for Standardization},
type={ISO/IEC},
number={14977},
year={1996},
month={12},
}

@article{Wirth1977,
author={Niklaus Wirth},
title={What can we do about the unnecessary diversity of notation for syntactic definitions?},
journal={Comm ACM, Vol 20, No 11},
year={1977},
month={11},
pages={822--823},
}

@article{Sussman1998,
author={Gerald Jay Sussman and Guy L. Steele Jr.},
title={Scheme: A Interpreter for Extended Lambda Calculus},
journal={Higher-Order and Symbolic Computation},
year={1998},
month={11},
pages={405--439},
}
% year={1975}

@article{Haynes1984,
author={C.T. Haynes and D.P. Friedman and M. Wand},
title={Continuations and coroutines},
journal={In Proceedings of the 1984 ACM Symposium on LISP and Functional Programming},
year={1984},
month={8},
pages={293-298},
}

@article{Sumii2004,
author={住井英二郎 and 大根田裕一 and 米澤明憲},
title={例外処理機構を備えた命令型言語の\mbox{CPS}変換とその定式化},
journal={情報処理学会第48回プログラミング研究会},
pages={67--82},
year={2004},
month={3},
}

@article{Steele1978,
author={Guy Lewis Steele},
title={RABBIT: A compiler for SCHEME},
journal={Technical Report 474, MIT Artificial Intelligence Laboratory},
year={1978},
month={5},
pages={1--272},
}

@article{Reynolds1993,
author={John C. Reynolds},
title={The discoveries of continuations},
journal={Lisp and Symbolic Computation},
year={1993},
month={11},
pages={233--247},
volume={6},
}

@article{Danvy1992,
author={Olivier Danvy and Andrzej Filinski},
title={Representing control: a study of the \mbox{CPS} transformation},
journal={Mathematical Structures in Computer Science},
year={1992},
month={12},
pages={361--391},
volume={2},
number={4},
}

@article{Sabry1992,
author={Amr Sabry and Matthias Felleisen},
title={Reasoning about programs in continuation-passing style},
journal={LISP and Symbolic Computation},
volume={6},
pages={289--360},
year={1993},
month={11},
}
% https://link.springer.com/article/10.1007/BF01019462
% journal={Technical Report (Rice TR 92-180), Rice University},

@article{Fischer1993,
author={Michael J. Fischer},
title={Lambda-calculus schemata},
journal={LISP and Symbolic Computation},
volume={6},
pages={259--287},
year={1993},
month={11},
}

@article{Kojima201709,
author={\underline{小島 渚} and {島 和之}},
title={継続渡しスタイルの関数型プログラミング言語におけるアクターモデルに基づく並行処理の実装},
journal={第16回情報科学技術フォーラム (FIT2017)},
pages={CB-002},
month={9},
year={2017},
}

@article{Kojima201801,
author={\underline{小島 渚} and {島 和之}},
title={継続渡しスタイルの関数型プログラミング言語のインタプリタによる並行処理の設計},
journal={電子情報通信学会技術研究報告 (SS2017-42)},
volume={117},
number={381},
pages={47--52},
month={1},
year={2018},
}


@article{Kojima201807,
author={\underline{Nagisa Kojima} and {Kazuyuki Shima} and {Akio Nakata}},
title={Concurrent Execution Semantics of the Functional Programming Language in Continuation Passing Style Based on the Actor Model},
journal={IEICE Tech. Rep. SS2018-14},
volume={118},
number={137},
pages={161--166},
month={7},
year={2018},
}

@article{Kearney1986,
author={K. Kearney},
title={Software Complexity Measurement},
journal={Communications of the ACM},
volume={29},
number={11},
pages={1044--1050},
month={11},
year={1986},
}

@BOOK{Murakami2000,
author={村上雅章},
yomi={むらかみ},
title={プログラミング言語SCHEME},
publisher={ピアソンエデュケーション},
year={2000},
month={May.},
note={"The Scheme Programming Language"の邦訳},
}

@article{Ihara201903,
author={{井原 唯} and {小島 渚} and {島 和之}},
title={継続渡しスタイルの関数型プログラミング言語における分散処理の記述},
journal={電子情報通信学会技術研究報告 (SS2018-21)},
volume={118},
number={230},
pages={19--24},
month={10},
year={2018},
}

@article{Hughes1989,
author={John Hughes},
title={Why functional programming matters},
journal_long={The Computer Journal - Special issue on Lazy functional programming archive},
journal={Computer Journal},
volume={32},
number={2},
pages={98--107},
month={1},
year={1989},
}

@article{Kojima201907,
author={{小島 渚} and \underline{橋本 知江美} and {島 和之}},
title={継続渡しスタイルの関数型プログラミング学習のためのWeb実行環境の設計},
journal_long={電子情報通信学会技術研究報告 (SS2019-3)},
journal={信学技報(SS2019-3)},
volume={119},
number={112},
pages={53--58},
month={7},
year={2019},
}

@article{Hashimoto202001,
author={橋本知江美 and 小島渚 and 島和之},
title={継続渡しスタイルの関数型プログラミング学習のためのWeb実行環境},
journal_long={電子情報通信学会技術研究報告 (SS2019-34)},
journal={信学技報(SS2019-34)},
volume={119},
number={362},
pages={55--60},
month={1},
year={2020},
}

@book{Hashimoto20200130,
author={橋本　知江美},
title={継続渡しスタイルの関数型プログラミング学習のためのWeb実行環境の実装},
publisher={広島市立大学情報科学部システム工学科卒業論文},
month={1},
year={2020},
}

@book{Omura2022,
author={大村 一真},
title={関数型プログラミング学習のためのWebベース視覚的プログラミング環境の設計},
publisher={広島市立大学情報科学部システム工学科卒業論文},
month={1},
year={2022},
}

@article{Suzuki2023,
author={鈴木智也 and 神谷年洋},
title={ChatGPTによるプログラミング授業の課題の解答生成の評価},
journal_long={電子情報通信学会技術研究報告 (SS2023-10)},
journal={信学技報(SS2023-10)},
volume={123},
number={123},
pages={55--60},
month={7},
year={2023},
}


@book{Monkasyo2023,
author={文部科学省初等中等教育局},
title={初等中等教育段階における生成AIの利用に関する暫定的なガイドライン},
publisher={文部科学省初等中等教育局},
month={7},
year={2023},
}


@book{Koyanagi2024,
author={小柳慶 and 野口広太郎 and 王棟 and 近藤将成 and 亀井靖高 and 鵜林 尚靖},
title={GitHub Copilotを用いたコード推薦における入力言語の影響調査},
publisher={ソフトウェア工学の基礎ワークショップ論文集(FOSE2023)},
month={11},
year={2023},
}